<record><leader>00000cas a22000007a 4500</leader><controlfield tag="001">14950304</controlfield><controlfield tag="008">861210d18861901txuwr ne      0    0eng d</controlfield><datafield ind1=" " ind2=" " tag="010"><subfield code="a">sn 86090376 </subfield></datafield><datafield ind1=" " ind2=" " tag="040"><subfield code="a">PPM</subfield><subfield code="b">eng</subfield><subfield code="c">PPM</subfield><subfield code="d">OCLCQ</subfield></datafield><datafield ind1=" " ind2=" " tag="042"><subfield code="a">msc</subfield></datafield><datafield ind1="0" ind2="4" tag="245"><subfield code="a">The Uvalde news.</subfield></datafield><datafield ind1=" " ind2=" " tag="260"><subfield code="a">Uvalde, Tex. :</subfield><subfield code="b">[s.n.]</subfield></datafield><datafield ind1=" " ind2=" " tag="300"><subfield code="a">v. :</subfield><subfield code="b">ill.</subfield></datafield><datafield ind1=" " ind2=" " tag="310"><subfield code="a">Weekly</subfield></datafield><datafield ind1="1" ind2=" " tag="362"><subfield code="a">Began May 20, 1886.</subfield></datafield><datafield ind1=" " ind2=" " tag="580"><subfield code="a">Formed by the union of: Weekly hesperian, and: West Texan.</subfield></datafield><datafield ind1=" " ind2=" " tag="580"><subfield code="a">Merged with: Uvalde leader, to form: Uvalde leader-news.</subfield></datafield><datafield ind1=" " ind2=" " tag="588"><subfield code="a">Description based on: Vol. 1, no. 31 (Dec. 16, 1886).</subfield></datafield><datafield ind1=" " ind2=" " tag="752"><subfield code="a">United States</subfield><subfield code="b">Texas</subfield><subfield code="c">Uvalde</subfield><subfield code="d">Uvalde.</subfield></datafield><datafield ind1="1" ind2="4" tag="780"><subfield code="t">Weekly hesperian</subfield><subfield code="w">(DLC)sn 84024286</subfield></datafield><datafield ind1="1" ind2="4" tag="780"><subfield code="t">West Texan</subfield></datafield><datafield ind1="1" ind2="7" tag="785"><subfield code="t">Uvalde leader</subfield></datafield><datafield ind1="1" ind2="7" tag="785"><subfield code="t">Uvalde leader-news</subfield><subfield code="w">(DLC)sn8600089496</subfield></datafield></record>